<?xml version='1.0' encoding='utf-8'?>
<record xmlns="http://www.loc.gov/MARC21/slim" xmlns:xsi="http://www.w3.org/2001/XMLSchema-instance" xsi:schemaLocation="http://www.loc.gov/MARC21/slim http://www.loc.gov/standards/marcxml/schema/MARC21slim.xsd">
  <leader>00000npca 22003131u 4500</leader>
  <controlfield tag="005">20120920143051.0</controlfield>
  <controlfield tag="006">m    |   d</controlfield>
  <controlfield tag="007">cr gn ---auada</controlfield>
  <controlfield tag="008">940131k19171929miu     |           eng |</controlfield>
  <datafield tag="035" ind1=" " ind2=" ">
    <subfield code="a">(RLIN)MIUV86-A586</subfield>
  </datafield>
  <datafield tag="035" ind1=" " ind2=" ">
    <subfield code="a">(OCoLC)ocm34418683</subfield>
  </datafield>
  <datafield tag="040" ind1=" " ind2=" ">
    <subfield code="a">MiU-H</subfield>
    <subfield code="c">MiU-H</subfield>
    <subfield code="e">appm</subfield>
  </datafield>
  <datafield tag="100" ind1="1" ind2=" ">
    <subfield code="a">Moore, Joel R.</subfield>
    <subfield code="q">(Joel Roscoe),</subfield>
    <subfield code="d">1879-</subfield>
  </datafield>
  <datafield tag="245" ind1="1" ind2="0">
    <subfield code="a">Joel Roscoe Moore papers,</subfield>
    <subfield code="f">1917-1929, 1940, and 1949-1952.</subfield>
  </datafield>
  <datafield tag="300" ind1=" " ind2=" ">
    <subfield code="a">9 folders in 1 box.</subfield>
  </datafield>
  <datafield tag="545" ind1=" " ind2=" ">
    <subfield code="a">Captain in the 339th Infantry serving in the American expedition to northern Russia during World War I.</subfield>
  </datafield>
  <datafield tag="520" ind1=" " ind2=" ">
    <subfield code="a">Miscellaneous citations, orders, and correspondence relating to his activities with the Polar Bear regiment; also photographs.</subfield>
  </datafield>
  <datafield tag="530" ind1=" " ind2=" ">
    <subfield code="a">Digital reproductions available through the World Wide Web at</subfield>
    <subfield code="u">http://quod.lib.umich.edu/cgi/f/findaid/findaid-idx?c=polaread;idno=umich-bhl-86586</subfield>
  </datafield>
  <datafield tag="555" ind1="0" ind2=" ">
    <subfield code="a">Finding aid in the library.</subfield>
  </datafield>
  <datafield tag="555" ind1="0" ind2=" ">
    <subfield code="a">Finding aid available via World Wide Web at URL: http://quod.lib.umich.edu/cgi/f/findaid/findaid-idx?c=bhlead&amp;idno=umich-bhl-86586</subfield>
  </datafield>
  <datafield tag="500" ind1=" " ind2=" ">
    <subfield code="a">Donor: 4510, 4787</subfield>
  </datafield>
  <datafield tag="500" ind1=" " ind2=" ">
    <subfield code="a">Photographs described separately.</subfield>
  </datafield>
  <datafield tag="690" ind1=" " ind2="4">
    <subfield code="a">Polar Bear Expedition.</subfield>
  </datafield>
  <datafield tag="651" ind1=" " ind2="0">
    <subfield code="a">Soviet Union</subfield>
    <subfield code="x">History</subfield>
    <subfield code="y">Allied intervention, 1918-1920.</subfield>
  </datafield>
  <datafield tag="852" ind1=" " ind2=" ">
    <subfield code="a">Bentley Historical Library,</subfield>
    <subfield code="b">University of Michigan,</subfield>
    <subfield code="c">Ann Arbor, Michigan 48109-2113</subfield>
  </datafield>
  <datafield tag="856" ind1="4" ind2="2">
    <subfield code="3">Finding aid:</subfield>
    <subfield code="u">http://quod.lib.umich.edu/cgi/f/findaid/findaid-idx?c=bhlead&amp;idno=umich-bhl-86586</subfield>
  </datafield>
  <datafield tag="856" ind1="4" ind2="1">
    <subfield code="3">Digitized collection:</subfield>
    <subfield code="u">http://quod.lib.umich.edu/cgi/f/findaid/findaid-idx?c=polaread;idno=umich-bhl-86586</subfield>
  </datafield>
  <datafield tag="997" ind1=" " ind2=" ">
    <subfield code="a">MARS</subfield>
  </datafield>
  <datafield tag="998" ind1=" " ind2=" ">
    <subfield code="s">9554</subfield>
  </datafield>
</record>
